
@incollection{harrell2001ordinal,
  title = {Ordinal Logistic Regression},
  booktitle = {Regression Modeling Strategies},
  publisher = {{Springer}},
  date = {2001},
  pages = {331--343},
  author = {Harrell, Frank E}
}

@article{harrell2013regression,
  title = {Regression Modeling Strategies},
  volume = {3},
  number = {3},
  journaltitle = {as implemented in R package ‘rms’ version},
  date = {2013},
  author = {Harrell, FE},
  publisher = {{Springer}}
}

@online{regressionWiki,
  title = {Regression Analysis - {{Wikipedia}}},
  url = {https://en.wikipedia.org/wiki/Regression_analysis},
  urldate = {2018-03-25},
  date = {2018-03-25}
}

@online{fitting_graphic,
  title = {15 {{Types}} of {{Regression}} You Should Know | {{R}}-Bloggers},
  url = {https://www.r-bloggers.com/15-types-of-regression-you-should-know},
  urldate = {2018-03-29},
  date = {2018-03-29}
}

@article{chatfield1995model,
  title = {Model Uncertainty, Data Mining and Statistical Inference},
  journaltitle = {Journal of the Royal Statistical Society. Series A (Statistics in Society)},
  date = {1995},
  pages = {419--466},
  author = {Chatfield, Chris},
  file = {/Users/grs/Zotero/storage/ECRLDRJC/Chatfield - 1995 - Model uncertainty, data mining and statistical inf.pdf},
  publisher = {{JSTOR}}
}

@book{CaffoStatisticalinferencedata2016a,
  title = {Statistical Inference for Data Science},
  url = {http://leanpub.com/LittleInferenceBook},
  publisher = {{Leanpub}},
  date = {2016-05-24},
  author = {Caffo, Brian}
}

@online{ml2018,
  title = {What Is {{Machine Learning}}? - {{An Informed Definition}}},
  url = {https://www.techemergence.com/what-is-machine-learning/},
  urldate = {2018-04-19},
  date = {2018-04-19}
}

@online{Top10Machine,
  title = {Top 10 {{Machine Learning Algorithms}}},
  url = {https://www.dezyre.com/article/top-10-machine-learning-algorithms/202},
  urldate = {2018-04-19}
}


